<?xml version="1.0" encoding="UTF-8"?><collection xmlns="http://www.loc.gov/MARC21/slim"><record><leader>00407nam--2200133-i-4500</leader><controlfield tag="001">000027218</controlfield><controlfield tag="002">20161230</controlfield><controlfield tag="005">20161230201036</controlfield><controlfield tag="008">060222s1000------------r-----000-0-eng-d</controlfield><datafield ind1=" " ind2=" " tag="080"><subfield code="a">548.1:519.688.1</subfield></datafield><datafield ind1=" " ind2=" " tag="100"><subfield code="a">Kowalczyk, Ryszard., Suffczynski, Maciej., Kunert, Herbert</subfield></datafield><datafield ind1=" " ind2=" " tag="245"><subfield code="a">Vector coupling coefficients of crystallographic groups</subfield></datafield><datafield ind1=" " ind2=" " tag="260"><subfield code="a">Wriclaw, Polska Akademia Nauk, 1980, 84p</subfield></datafield><datafield ind1=" " ind2=" " tag="852"><subfield code="a">48807</subfield></datafield></record></collection>